@book{IPDE,
	author = {Aslak Tveito and Ragnar Winther},
	title = {Introduction to Partial Diffirential Equations},
	subtitle = {A Computational Approach},
	publisher = "Springer-Verlag",
    year = 2009,
    location = "Berlin",
	isbn = "978-3-540-88704-1"
}


@book{statphys,
	author = "Morten Hjort-Jensen",
	title = "Computational physics",
	howpublished = "lecture notes",	
	year = "2015",
	note = "Accessible at course github repository. 551 pages.",
}